@article{doherty2013nitrogen,
  title={The nitrogen-vacancy colour centre in diamond},
  author={Doherty, Marcus W and Manson, Neil B and Delaney, Paul and Jelezko, Fedor and Wrachtrup, J{\"o}rg and Hollenberg, Lloyd CL},
  journal={Physics Reports},
  volume={528},
  number={1},
  pages={1--45},
  year={2013},
  publisher={Elsevier}
}

@misc{Prasad2018NVNotes,
  author       = {Prasad, Aditya Nuthakki and Welton, Alli Joy},
  title        = {D4. \textit{Nitrogen Vacancy Centers in Diamond}â€”Advanced Physics Laboratory Notes},
  howpublished = {\url{https://wiki.harvard.edu/confluence/display/APL/D4.+Nitrogen+Vacancy+Centers+in+Diamond}},
  institution  = {Harvard University, Advanced Physics Laboratory},
  year         = {2018},
  note         = {Contributors (2012 edition): M.~Lukin, S.~Zibrov, M.~Goldman. Last modified 21 Aug 2018}
}
