@misc{AffectEffect,
title = {{Affect vs.\ Effect}},
author = {Grammarist},
url = {http://grammarist.com/usage/affect-effect/}
}
@misc{APSauthor,
title = {{APS Guidelines for Professional Conduct}},
url = {https://www.aps.org/policy/statements/02_2.cfm}
}
@misc{ArialFont,
title = {{Arial Font}},
url = {https://en.wikipedia.org/wiki/Arial}
}
@article{BigBird1,
author = {\newtext{{Big Bird} and {Poor Student}}},
journal = {\newtext{Journal of Predatory Publication Fees}},
pages = {\newtext{123}},
title = {\newtext{{My Important Studies on Trivial Details}}},
volume = {\newtext{7}},
year = {\newtext{2018}}
}
@article{BigBird2,
author = {\newtext{{Big Bird} and {Evil Crony}}},
journal = {\newtext{Journal of Egotistical Claims}},
pages = {\newtext{345}},
title = {\newtext{{Why My Paper Is Better Than Yours}}},
volume = {\newtext{1}},
year = {\newtext{2019}}
}
@article{BigBird3,
author = {\newtext{{Big Bird} and {Oscar the Grouch}}},
journal = {\newtext{Journal of Trash}},
pages = {\newtext{777}},
title = {\newtext{{A Paper that is Cited Only by Myself and all of the Authors whose Papers I have Vindictively Reviewed}}},
volume = {\newtext{3}},
year = {\newtext{2020}}
}
@article{BigBird4,
author = {\newtext{{Big Bird}}},
journal = {\newtext{Journal of Repetition}},
pages = {\newtext{12}},
title = {\newtext{{A Repetitive, Self-Plagiarized Version of my 2018 Work that should Also be Cited to Boost my h-index}}},
volume = {\newtext{4}},
year = {\newtext{2021}}
}
@misc{deBivort,
author = {de Bivort, Ben},
title = {Figure Style Guide},
url = {https://lab.debivort.org/docs/dblab-figure-style-guide.pdf}
}
@misc{ComputerUsage,
title = {{Usage share of operating systems: Desktop and laptop computers}},
url = {https://en.wikipedia.org/wiki/Usage_share_of_operating_systems#Desktop_and_laptop_computers}
}
@article{nieminen_optical_2014,
	title = {Optical tweezers: {Theory} and modelling},
	volume = {146},
	issn = {00224073},
	shorttitle = {Optical tweezers},
	url = {https://linkinghub.elsevier.com/retrieve/pii/S0022407314001587},
	doi = {10.1016/j.jqsrt.2014.04.003},
	abstract = {Since their development in the 1980s, optical tweezers have become a widely used and versatile tool in many fields. Outstanding applications include the quantitative measurement of forces in cell biology and biophysics. Computational modelling of optical tweezers is a valuable tool in support of experimental work, especially quantitative applications. We discuss the theory, and the theoretical and computational modelling of optical tweezers.},
	language = {en},
	urldate = {2025-02-20},
	journal = {Journal of Quantitative Spectroscopy and Radiative Transfer},
	author = {Nieminen, Timo A. and Du Preez-Wilkinson, Nathaniel and Stilgoe, Alexander B. and Loke, Vincent L.Y. and Bui, Ann A.M. and Rubinsztein-Dunlop, Halina},
	month = oct,
	year = {2014},
	pages = {59--80},
	file = {PDF:files/111/Nieminen et al. - 2014 - Optical tweezers Theory and modelling.pdf:application/pdf},
}
@article{CrameriNatCom2020,
author = {Crameri, Fabio and Shephard, Grace E. and Heron, Philip J.},
doi = {10.1038/s41467-020-19160-7},
journal = {Nature Communications},
pages = {5444},
title = {The misuse of colour in science communication},
volume = {11},
year = {2020}
}
@misc{FewerLess,
author = {Mignon Fogarty},
title = {{Less vs.\ Fewer}},
url = {http://www.quickanddirtytips.com/education/grammar/less-versus-fewer}
}
@book{GalisonObjectivity2007,
address = {Brooklyn, NY},
author = {Lorraine Daston and Peter L. Galison},
edition = {1st},
publisher = {Zone Books},
title = {Objectivity},
year = {2007}
}
@article{Gardezi2DMat2020,
author = {Gardezi, S. Minhal and Pirie, Harris and Carr, Stephen and Dorrell, William and Hoffman, Jennifer E.},
doi = {10.1088/2053-1583/abf252},
journal = {2D Materials},
pages = {031002},
title = {Simulating twistronics in acoustic metamaterials},
volume = {8},
year = {2021}
}
@misc{GardeziOutline,
author = {Gardezi, S. Minhal},
title = {Example Outline of ``{Phononic Metamaterial Twisted Bilayer Graphene}''},
url = {https://hoffman.physics.harvard.edu/publications/Gardezi_example_outline.pdf}
}
@misc{GardeziOutline2,
author = {Gardezi, S. Minhal},
title = {\href{https://hoffman.physics.harvard.edu/publications/Gardezi_example_outline.pdf}{Example outline} of ``{Simulating twistronics in acoustic metamaterials}''}
}
@misc{gradStats,
author = {{National Science Foundation}},
title = {Survey of Graduate Students and Postdoctorates in Science and Engineering},
url = {https://ncses.nsf.gov/surveys/graduate-students-postdoctorates-s-e/},
year = {2022}
}
@misc{HelveticaFont,
title = {{Helvetica Font}},
url = {https://en.wikipedia.org/wiki/Helvetica}
}
@misc{HoffmanExample,
author = {Hoffman, Jennifer E.},
title = {How to Write a Paper and Format it Using {\LaTeX}, \href{http://hoffman.physics.harvard.edu/example-paper/}{Source files}}
}
@article{HuangARCMP2017,
author = {Huang, Dennis and Hoffman, Jennifer E},
doi = {10.1146/annurev-conmatphys-031016-025242},
journal = {Annual Review of Condensed Matter Physics},
pages = {311--336},
title = {Monolayer {FeSe} on {SrTiO$_3$}},
volume = {8},
year = {2017}
}
@article{HuangNanoLett2016,
author = {Huang, Dennis and Webb, Tatiana A. and Song, Can-Li and Chang, Cui-Zu and Moodera, Jagadeesh S. and Kaxiras, Efthimios and Hoffman, Jennifer E.},
doi = {10.1021/acs.nanolett.6b01163},
journal = {Nano Letters},
pages = {4224--4229},
title = {Dumbbell Defects in {FeSe} Films: A Scanning Tunneling Microscopy and First-Principles Investigation},
volume = {16},
year = {2016}
}
@article{HuangPRB2016,
author = {Huang, Dennis and Webb, Tatiana A. and Fang, Shiang and Song, Can-Li and Chang, Cui-Zu and Moodera, Jagadeesh S. and Kaxiras, Efthimios and Hoffman, Jennifer E.},
doi = {10.1103/PhysRevB.93.125129},
journal = {Physical Review B},
pages = {125129},
title = {Bounds on nanoscale nematicity in single-layer {FeSe/SrTiO$_3$}},
volume = {93},
year = {2016}
}
@article{HuangPRL2015,
author = {Huang, Dennis and Song, Can-Li and Webb, Tatiana A. and Fang, Shiang and Chang, Cui-Zu and Moodera, Jagadeesh S. and Kaxiras, Efthimios and Hoffman, Jennifer E.},
doi = {10.1103/PhysRevLett.115.017002},
journal = {Physical Review Letters},
pages = {017002},
title = {Revealing the Empty-State Electronic Structure of Single-Unit-Cell {FeSe/SrTiO$_3$}},
volume = {115},
year = {2015}
}
@article{HuangRSI2017,
author = {Huang, Dennis and Liu, Stephen and Zeljkovic, Ilija and Mitchell, J. F. and Hoffman, Jennifer E.},
doi = {10.1063/1.4976567},
journal = {Review of Scientific Instruments},
pages = {023705},
title = {Etching of {Cr} tips for scanning tunneling microscopy of cleavable oxides},
volume = {88},
year = {2017}
}
@inbook{Kahneman2011,
author = {Daniel Kahneman},
title = {Thinking, Fast and Slow},
year = {2011},
publisher = {Farrar, Straus and Giroux},
isbn = {978-0374533557},
chapter = {{5: Cognitive Ease}}
}
@article{KeshavSIGCOMM2007,
author = {Keshav, S.},
doi = {10.1145/1273445.1273458},
journal = {ACM SIGCOMM Computer Communication Review},
pages = {83--84},
title = {How to read a paper},
volume = {37},
year = {2007}
}
@article{KimAPL2010,
author = {Kim, Jeehoon and Ko, Changhyun and Frenzel, Alex and Ramanathan, Shriram and Hoffman, Jennifer E.},
doi = {10.1063/1.3435466},
journal = {Applied Physics Letters},
pages = {213106},
title = {Nanoscale imaging and control of resistance switching in {VO$_2$} at room temperature},
volume = {96},
year = {2010}
}
@article{Leong2020,
author = {Leong, Alvin Ping},
doi = {10.1515/text-2020-2066},
journal = {Text \& Talk},
number = {4},
pages = {467--489},
title = {{The passive voice in scientific writing through the ages: A diachronic study}},
volume = {40},
year = {2020}
}
@misc{NatureAbstract,
title = {How to Construct a {N}ature Summary Paragraph},
URL = {http://www.nature.com/documents/nature-summary-paragraph.pdf}
}
@article{NatNeuro2000,
doi = {10.1038/72151},
journal = {Nature Neuroscience},
pages = {97--97},
title = {How experts communicate},
volume = {3},
year = {2000}
}
@article{Peterson2020,
author = {Peterson, David A. M.},
doi = {10.1111/ssqu.12824},
journal = {Social Science Quarterly},
pages = {1648--1652},
title = {{Dear Reviewer 2: Go F' Yourself}},
volume = {101},
year = {2020}
}
@misc{PhysicalReview,
title = {{P}hysical {R}eview Journals Web Submission Guidelines},
URL = {http://journals.aps.org/authors/web-submission-guidelines-physical-review}
}
@misc{TablesGenerator,
title = {Create {\LaTeX} tables online},
URL = {https://www.tablesgenerator.com/}
}
@book{TufteVisualDisplay2001,
address = {Cheshire, CT},
author = {Tufte, Edward R.},
edition = {2nd},
publisher = {Graphics Press LLC},
title = {The Visual Display of Quantitative Information},
year = {2001}
}
@misc{SeltzerPetPeeves,
author = {Margo Seltzer},
title = {{Pet Peeves}},
url = {https://www.seltzer.com/margo/pet-peeves/}
}
@misc{WhichThat,
author = {Brian A. Klems},
title = {{Which vs.\ That (Grammar Rules)}},
url = {https://www.writersdigest.com/write-better-fiction/which-vs-that}
}
@article{WhitesidesAdvMat2004,
author = {Whitesides, G. M.},
doi = {10.1002/adma.200400767},
journal = {Advanced Materials},
pages = {1375--1377},
title = {Whitesides' Group: Writing a Paper},
volume = {16},
year = {2004}
}
@inbook{WitkovZengel2019,
author = {Carey Witkov and Keith Zengel},
title = {\href{http://dx.doi.org/10.1093/oso/9780198847144.001.0001}{Chi-Squared Data Analysis and Model Testing for Beginners}},
year={2019},
chapter = {{2.5: Random versus Systematic Uncertainties and Rounding Rules}},
isbn = {9780198847144},
publisher = {Oxford Scholarship Online},
doi = {10.1093/oso/9780198847144.001.0001}
}
@article{Worsham2022,
author = {Worsham, Christopher and Woo, Jaemin and Zimerman, Andr{\'{e}} and Bray, Charles F. and Jena, Anupam B.},
doi = {10.1177/00469580221090393},
journal = {INQUIRY: The Journal of Health Care Organization, Provision, and Financing},
pages = {004695802210903},
title = {{An Empirical Assessment of Reviewer 2}},
volume = {59},
year = {2022}
}
@article{ZhangPRB2015,
author = {Zhang, Jessie T and Kim, Jeehoon and Huefner, Magdalena and Ye, Cun and Kim, Stella and Canfield, Paul C. and Prozorov, Ruslan and Auslaender, Ophir M and Hoffman, Jennifer E.},
doi = {10.1103/PhysRevB.92.134509},
journal = {Physical Review B},
pages = {134509},
title = {Single-vortex pinning and penetration depth in superconducting {NdFeAsO$_{1-x}$F$_x$}},
volume = {92},
year = {2015}
}

@article{beugnon2007two,
  title={Two-dimensional transport and transfer of a single atomic qubit in optical tweezers},
  author={Beugnon, J{\'e}r{\^o}me and Tuchendler, Charles and Marion, Harold and Ga{\"e}tan, Alpha and Miroshnychenko, Yevhen and Sortais, Yvan RP and Lance, Andrew M and Jones, Matthew PA and Messin, Gaetan and Browaeys, Antoine and others},
  journal={Nature Physics},
  volume={3},
  number={10},
  pages={696--699},
  year={2007},
  publisher={Nature Publishing Group UK London}
}

@article{nakroshis2003measuring,
  title={Measuring Boltzmann’s constant using video microscopy of Brownian motion},
  author={Nakroshis, Paul and Amoroso, Matthew and Legere, Jason and Smith, Christian},
  journal={American Journal of Physics},
  volume={71},
  number={6},
  pages={568--573},
  year={2003},
  publisher={American Association of Physics Teachers}
}

@article{Ashkin1986,
  author = {Ashkin, A. and Dziedzic, J. M. and Bjorkholm, J. E. and Chu, S.},
  title = {Observation of a single-beam gradient force optical trap for dielectric particles},
  journal = {Optics Letters},
  volume = {11},
  pages = {288},
  year = {1986}
}

@misc{OpticalTweezerInstructions,
  author = {Prentiss, M.},
  title = {Optical and Magnetic Tweezers: Advanced Physics Laboratory},
  year = {2003},
  howpublished = {Harvard Wiki}
}

@article{Smith1999AJP,
  author = {Smith, S. P. and others},
  title = {Inexpensive optical tweezers for undergraduate laboratories},
  journal = {American Journal of Physics},
  volume = {67},
  pages = {26--35},
  year = {1999}
}

@article{bluvstein2022quantum,
  title={A quantum processor based on coherent transport of entangled atom arrays},
  author={Bluvstein, Dolev and Levine, Harry and Semeghini, Giulia and Wang, Tout T and Ebadi, Sepehr and Kalinowski, Marcin and Keesling, Alexander and Maskara, Nishad and Pichler, Hannes and Greiner, Markus and others},
  journal={Nature},
  volume={604},
  number={7906},
  pages={451--456},
  year={2022},
  publisher={Nature Publishing Group UK London}
}


@book{BlitzsteinShephard2024,
  author    = {Joseph K. Blitzstein and Neil Shephard},
  title     = {Stat 111: Introduction to Statistical Inference},
  year      = {2024},
  month     = {February},
  publisher = {Self-published},
  note      = {©2023 by Joseph K. Blitzstein and Neil Shephard},
}

@misc{trackpy,
  author       = {Allan, D. and Caswell, T. and Keim, N. C. and van der Wel, C. M.},
  title        = {Trackpy: Trackpy v0.4.2},
  year         = {2019},
  publisher    = {Zenodo},
  doi          = {10.5281/zenodo.12176},
  url          = {https://doi.org/10.5281/zenodo.12176}
}


##https://www.filmetrics.com/refractive-index-database/Polystyrene/PS#:~:text=For%20a%20typical%20sample%20of,nm%20are%201.58654%20and%200.##

###https://nvlpubs.nist.gov/nistpubs/jres/048/jresv48n1p1_A1b.pdf##3